<record><leader>00000cas a22000007a 4500</leader><controlfield tag="001">22334060</controlfield><controlfield tag="008">900905d19631967ohuwr ne      0    0eng d</controlfield><datafield ind1=" " ind2=" " tag="010"><subfield code="a">sn 90068442 </subfield></datafield><datafield ind1=" " ind2=" " tag="040"><subfield code="a">ONP</subfield><subfield code="b">eng</subfield><subfield code="c">ONP</subfield><subfield code="d">OCLCQ</subfield></datafield><datafield ind1=" " ind2=" " tag="042"><subfield code="a">msc</subfield></datafield><datafield ind1="0" ind2=" " tag="130"><subfield code="a">Parma times (Parma, Ohio : 1963)</subfield></datafield><datafield ind1="1" ind2="0" tag="245"><subfield code="a">Parma times.</subfield></datafield><datafield ind1=" " ind2=" " tag="260"><subfield code="a">Cleveland, O. [Ohio] :</subfield><subfield code="b">West Side Newspapers,</subfield><subfield code="c">1963-1967.</subfield></datafield><datafield ind1=" " ind2=" " tag="300"><subfield code="a">v.</subfield></datafield><datafield ind1=" " ind2=" " tag="310"><subfield code="a">Weekly</subfield></datafield><datafield ind1="0" ind2=" " tag="362"><subfield code="a">1st year, no. 1 (July 18, 1963)-4th year, no. 56 (Jan. 26, 1967).</subfield></datafield><datafield ind1=" " ind2=" " tag="752"><subfield code="a">United States</subfield><subfield code="b">Ohio</subfield><subfield code="c">Cuyahoga</subfield><subfield code="d">Cleveland.</subfield></datafield><datafield ind1="0" ind2="0" tag="785"><subfield code="t">Times (Parma, Ohio : 1967)</subfield><subfield code="w">(DLC)sn 90068441</subfield></datafield></record>